  @article{burzio1988ItalianSyntaxGovernmentBindingApproach,
  title = {Italian {{Syntax}}: {{A Government-Binding Approach}}},
  shorttitle = {Italian {{Syntax}}},
  author = {Burzio, Luigi},
  year = 1988,
  month = 3,
  journaltitle = {Language},
  shortjournal = {Language},
  volume = {64},
  number = {1},
  eprint = {414791},
  eprinttype = {jstor},
  pages = {130},
  issn = {00978507},
  doi = {10.2307/414791}
}
